<?xml version="1.0" encoding="UTF-8"?><record xmlns="http://www.loc.gov/MARC21/slim" xmlns:cinclude="http://apache.org/cocoon/include/1.0" xmlns:zs="http://www.loc.gov/zing/srw/">
  <leader>00427nz  a2200145n  4500</leader>
  <controlfield tag="001">no2008166310</controlfield>
  <controlfield tag="003">DLC</controlfield>
  <controlfield tag="005">20081113080829.0</controlfield>
  <controlfield tag="008">081111n| acannaabn          |a aaa     c</controlfield>
  <datafield tag="010" ind1=" " ind2=" ">
    <subfield code="a">no2008166310</subfield>
  </datafield>
  <datafield tag="035" ind1=" " ind2=" ">
    <subfield code="a">(OCoLC)oca07932937</subfield>
  </datafield>
  <datafield tag="040" ind1=" " ind2=" ">
    <subfield code="a">NIC</subfield>
    <subfield code="b">eng</subfield>
    <subfield code="c">NIC</subfield>
  </datafield>
  <datafield tag="100" ind1="0" ind2=" ">
    <subfield code="a">Phairat Trakānsirinon</subfield>
  </datafield>
  <datafield tag="400" ind1="1" ind2=" ">
    <subfield code="a">Trakānsirinon, Phairat</subfield>
  </datafield>
  <datafield tag="670" ind1=" " ind2=" ">
    <subfield code="a">Phairat Trakānsirinon. Kānkhlang phāk rat, 2007:</subfield>
    <subfield code="b">t.p. (Phairat Trakānsirinon)</subfield>
  </datafield>
</record>